@book{cmb,
	author	  =	"C. M. Bishop",
	title	 
=	"Pattern Recognition and Machine Learning",
	publisher =
"Springer",
	year	  =	2006,
	address   =	"New York,
NY"}

@book{gbc,
    title={Deep Learning},
    author={Ian Goodfellow and Yoshua Bengio and Aaron Courville},
    publisher={MIT Press},
    note={http://www.deeplearningbook.org},
    year={2016}
}

@techreport{franke,
     author = {Richard Franke},
     title = {A Critical Comparison of Some Methods for Interpolation of Scattered Data},
     institution =
"Naval Postgraduate School",
     year = "1979",
     type = "Progress
report",
     address = "Monterey, {CA}",
}
